
%  ====== fundamental papers ==========

@inproceedings{heintzmann1999laterally,
  title={Laterally modulated excitation microscopy: improvement of resolution by using a diffraction grating},
  author={Heintzmann, Rainer and Cremer, Christoph G},
  booktitle={BiOS Europe'98},
  pages={185--196},
  year={1999},
  organization={International Society for Optics and Photonics},
  doi={10.1117/12.336833}
}


@article{gustafsson2000,
  title={Surpassing the lateral resolution limit by a factor of two using structured illumination microscopy},
  author={Gustafsson, Mats GL},
  journal={Journal of microscopy},
  volume={198},
  number={2},
  pages={82--87},
  year={2000},
  publisher={Wiley Online Library},
  doi={10.1046/j.1365-2818.2000.00710.x}
}

@article{gustafsson2008,
  title={Three-dimensional resolution doubling in wide-field fluorescence microscopy by structured illumination},
  author={Gustafsson, Mats GL and Shao, Lin and Carlton, Peter M and Wang, CJ Rachel and Golubovskaya, Inna N and Cande, W Zacheus and Agard, David A and Sedat, John W},
  journal={Biophysical journal},
  volume={94},
  number={12},
  pages={4957--4970},
  year={2008},
  publisher={Elsevier},
  doi={10.1529/biophysj.107.120345}
}

@phdthesis{frohn2000super,
  title={Super-resolution fluorescence microscopy by structured ligth illumination},
  author={Frohn, Jan Tillman},
  year={2000},
  note={Nr. 13916},
  school={Technische Wissenschaften ETH Z{\"u}rich},
  doi={10.3929/ethz-a-004064016}
}


%  ====== building setups ==========

@article{chang2009isotropic,
  title={Isotropic image in structured illumination microscopy patterned with a spatial light modulator},
  author={Chang, Bo-Jui and Chou, Li-Jun and Chang, Yun-Ching and Chiang, Su-Yu},
  journal={Optics express},
  volume={17},
  number={17},
  pages={14710--14721},
  year={2009},
  publisher={Optical Society of America},
  doi={10.1364/OE.17.014710}
 
}

@article{dan2013dmd,
  title={DMD-based LED-illumination Super-resolution and optical sectioning microscopy},
  author={Dan, Dan and Lei, Ming and Yao, Baoli and Wang, Wen and Winterhalder, Martin and Zumbusch, Andreas and Qi, Yujiao and Xia, Liang and Yan, Shaohui and Yang, Yanlong and others},
  journal={Scientific reports},
  volume={3},
  year={2013},
  publisher={Nature Publishing Group},
  doi={10.1038/srep01116}
}

@article{fastsim,
  title={fastSIM: a practical implementation of fast structured illumination microscopy},
  author={Lu-Walther, Hui-Wen and Kielhorn, Martin and F{\"o}rster, Ronny and Jost, Aur{\'e}lie and Wicker, Kai and Heintzmann, Rainer},
  journal={Methods and Applications in Fluorescence},
  volume={3},
  number={1},
  pages={014001},
  year={2015},
  publisher={IOP Publishing},
  doi={10.1088/2050-6120/3/1/014001}
}

@article{o2012polarization,
  title={Polarization effects on contrast in structured illumination microscopy},
  author={O’Holleran, Kevin and Shaw, Michael},
  journal={Optics letters},
  volume={37},
  number={22},
  pages={4603--4605},
  year={2012},
  publisher={Optical Society of America},
  doi={10.1364/OL.37.004603}
}


%  ====== parameter estimation ==========

@article{shroff2009-phase,
  title={Phase-shift estimation in sinusoidally illuminated images for lateral superresolution},
  author={Shroff, Sapna A and Fienup, James R and Williams, David R},
  journal={JOSA A},
  volume={26},
  number={2},
  pages={413--424},
  year={2009},
  publisher={Optical Society of America},
  doi={10.1364/JOSAA.26.000413}
}

@article{yang2015method,
  title={Method of lateral image reconstruction in structured illumination microscopy with super resolution},
  author={Yang, Qiang and Cao, Liangcai and Zhang, Hua and Zhang, Hao and Jin, Guofan},
  journal={Journal of Innovative Optical Health Sciences},
  pages={1630002},
  year={2015},
  publisher={World Scientific},
  doi={10.1142/S1793545816300020}
}


@article{wicker2013-phase1,
  title={Phase optimisation for structured illumination microscopy},
  author={Wicker, Kai and Mandula, Ondrej and Best, Gerrit and Fiolka, Reto and Heintzmann, Rainer},
  journal={Optics express},
  volume={21},
  number={2},
  pages={2032--2049},
  year={2013},
  publisher={Optical Society of America},
  doi={10.1364/OE.21.002032}
}


@article{wicker2013-phase2,
  title={Non-iterative determination of pattern phase in structured illumination microscopy using auto-correlations in Fourier space},
  author={Wicker, Kai},
  journal={Optics express},
  volume={21},
  number={21},
  pages={24692--24701},
  year={2013},
  publisher={Optical Society of America},
  doi={10.1364/OE.21.024692}
}

% ========= Filter ============

@article{schaefer2004structured,
  title={Structured illumination microscopy: artefact analysis and reduction utilizing a parameter optimization approach},
  author={Schaefer, LH and Schuster, D and Schaffer, J},
  journal={Journal of microscopy},
  volume={216},
  number={2},
  pages={165--174},
  year={2004},
  publisher={Wiley Online Library},
  doi={10.1111/j.0022-2720.2004.01411.x}
}


@article{chu2014image,
  title={Image reconstruction for structured-illumination microscopy with low signal level},
  author={Chu, Kaiqin and McMillan, Paul J and Smith, Zachary J and Yin, Jie and Atkins, Jeniffer and Goodwin, Paul and Wachsmann-Hogiu, Sebastian and Lane, Stephen},
  journal={Optics express},
  volume={22},
  number={7},
  pages={8687--8702},
  year={2014},
  publisher={Optical Society of America},
  doi={10.1364/OE.22.008687}
}

% =========== Optical sectioning ======

@article{o2014optimized,
  title={Optimized approaches for optical sectioning and resolution enhancement in 2D structured illumination microscopy},
  author={O’Holleran, Kevin and Shaw, Michael},
  journal={Biomedical optics express},
  volume={5},
  number={8},
  pages={2580--2590},
  year={2014},
  publisher={Optical Society of America},
  doi={10.1364/BOE.5.002580}
}


@article{shaw2015high,
  title={High speed structured illumination microscopy in optically thick samples},
  author={Shaw, Michael and Zajiczek, Lydia and O’Holleran, Kevin},
  journal={Methods},
  volume={88},
  pages={11--19},
  year={2015},
  publisher={Elsevier},
  doi={10.1364/OL.37.004603}
}

% =========== Software ============

@article{mueller2016open,
  title={Open-source image reconstruction of super-resolution structured illumination microscopy data in ImageJ},
  author={M{\"u}ller, Marcel and M{\"o}nkem{\"o}ller, Viola and Hennig, Simon and H{\"u}bner, Wolfgang and Huser, Thomas},
  journal={Nature Communications},
  volume={7},
  year={2016},
  publisher={Nature Publishing Group}
}

@article{lal2016structured,
  title={Structured illumination microscopy image reconstruction algorithm},
  author={Lal, Amit and Shan, Chunyan and Xi, Peng},
  journal={IEEE Journal of Selected Topics in Quantum Electronics},
  volume={22},  
  number={4},
  year={2016},
  publisher={IEEE},
  doi={10.1109/JSTQE.2016.2521542}


}

@article{kvrivzek2016simtoolbox,
  title={SIMToolbox: a MATLAB toolbox for structured illumination fluorescence microscopy},
  author={K{\v{r}}{\'\i}{\v{z}}ek, Pavel and Luke{\v{s}}, Tom{\'a}{\v{s}} and Ovesn{\`y}, Martin and Fliegel, Karel and Hagen, Guy M},
  journal={Bioinformatics},
  volume={32},
  number={2},
  pages={318--320},
  year={2016},
  publisher={Oxford Univ Press},
  doi={10.1093/bioinformatics/btv576}
}


@article{ball2015simcheck,
  title={SIMcheck: a Toolbox for Successful Super-resolution Structured Illumination Microscopy},
  author={Ball, Graeme and Demmerle, Justin and Kaufmann, Rainer and Davis, Ilan and Dobbie, Ian M and Schermelleh, Lothar},
  journal={Scientific reports},
  volume={5},
  year={2015},
  publisher={Nature Publishing Group},
  doi={10.1038/srep15915}
}


@article{schneider2012nih,
  title={NIH Image to ImageJ: 25 years of image analysis},
  author={Schneider, Caroline A and Rasband, Wayne S and Eliceiri, Kevin W},
  journal={Nature methods},
  volume={9},
  number={7},
  pages={671--675},
  year={2012},
  publisher={Nature Publishing Group},
  doi={10.1038/nmeth.2089}
}

@article{schindelin2012fiji,
  title={Fiji: an open-source platform for biological-image analysis},
  author={Schindelin, Johannes and Arganda-Carreras, Ignacio and Frise, Erwin and Kaynig, Verena and Longair, Mark and Pietzsch, Tobias and Preibisch, Stephan and Rueden, Curtis and Saalfeld, Stephan and Schmid, Benjamin and others},
  journal={Nature methods},
  volume={9},
  number={7},
  pages={676--682},
  year={2012},
  publisher={Nature Publishing Group},
  doi={10.1038/nmeth.2019}
}

@article{henriques2010quickpalm,
  title={QuickPALM: 3D real-time photoactivation nanoscopy image processing in ImageJ},
  author={Henriques, Ricardo and Lelek, Mickael and Fornasiero, Eugenio F and Valtorta, Flavia and Zimmer, Christophe and Mhlanga, Musa M},
  journal={Nature methods},
  volume={7},
  number={5},
  pages={339--340},
  year={2010},
  publisher={Nature Publishing Group},
  doi={10.1038/nmeth0510-339}
}

@article{wolter2012rapidstorm,
  title={rapidSTORM: accurate, fast open-source software for localization microscopy},
  author={Wolter, Steve and L{\"o}schberger, Anna and Holm, Thorge and Aufmkolk, Sarah and Dabauvalle, Marie-Christine and van de Linde, Sebastian and Sauer, Markus},
  journal={Nature methods},
  volume={9},
  number={11},
  pages={1040--1041},
  year={2012},
  publisher={Nature Publishing Group},
  doi={10.1038/nmeth.2224}
}

@article{ovesny2014thunderstorm,
  title={ThunderSTORM: a comprehensive ImageJ plug-in for PALM and STORM data analysis and super-resolution imaging},
  author={Ovesn{\`y}, Martin and K{\v{r}}{\'\i}{\v{z}}ek, Pavel and Borkovec, Josef and {\v{S}}vindrych, Zden{\v{e}}k and Hagen, Guy M},
  journal={Bioinformatics},
  volume={30},
  number={16},
  pages={2389--2390},
  year={2014},
  publisher={Oxford Univ Press},
  doi={10.1093/bioinformatics/btu202}
}

@article{sage2015quantitative,
  title={Quantitative evaluation of software packages for single-molecule localization microscopy},
  author={Sage, Daniel and Kirshner, Hagai and Pengo, Thomas and Stuurman, Nico and Min, Junhong and Manley, Suliana and Unser, Michael},
  journal={Nature methods},
  year={2015},
  publisher={Nature Publishing Group},
  doi={10.1038/nmeth.3442}
}



% =========== Non-linear SIM =========

@article{heintzmann2002saturated,
  title={Saturated patterned excitation microscopy—a concept for optical resolution improvement},
  author={Heintzmann, Rainer and Jovin, Thomas M and Cremer, Christoph},
  journal={JOSA A},
  volume={19},
  number={8},
  pages={1599--1609},
  year={2002},
  publisher={Optical Society of America},
  doi={10.1364/JOSAA.19.001599}
}

@article{gustafsson2005nonlinear,
  title={Nonlinear structured-illumination microscopy: wide-field fluorescence imaging with theoretically unlimited resolution},
  author={Gustafsson, Mats GL},
  journal={Proceedings of the National Academy of Sciences of the United States of America},
  volume={102},
  number={37},
  pages={13081--13086},
  year={2005},
  publisher={National Acad Sciences},
  doi={10.1073/pnas.0406877102}
}

@article{rego2012nonlinear,
  title={Nonlinear structured-illumination microscopy with a photoswitchable protein reveals cellular structures at 50-nm resolution},
  author={Rego, E Hesper and Shao, Lin and Macklin, John J and Winoto, Lukman and Johansson, G{\"o}ran A and Kamps-Hughes, Nicholas and Davidson, Michael W and Gustafsson, Mats GL},
  journal={Proceedings of the National Academy of Sciences},
  volume={109},
  number={3},
  pages={E135--E143},
  year={2012},
  publisher={National Acad Sciences},
  doi={10.1073/pnas.1107547108}
}

@article{li2015extended,
  title={Extended-resolution structured illumination imaging of endocytic and cytoskeletal dynamics},
  author={Li, Dong and Shao, Lin and Chen, Bi-Chang and Zhang, Xi and Zhang, Mingshu and Moses, Brian and Milkie, Daniel E and Beach, Jordan R and Hammer, John A and Pasham, Mithun and others},
  journal={Science},
  volume={349},
  number={6251},
  pages={aab3500},
  year={2015},
  publisher={American Association for the Advancement of Science}
}



% =========== good examples for application of SR-SIM =========


@article{schermelleh2008subdiffraction,
  title={Subdiffraction multicolor imaging of the nuclear periphery with 3D structured illumination microscopy},
  author={Schermelleh, Lothar and Carlton, Peter M and Haase, Sebastian and Shao, Lin and Winoto, Lukman and Kner, Peter and Burke, Brian and Cardoso, M Cristina and Agard, David A and Gustafsson, Mats GL and others},
  journal={Science},
  volume={320},
  number={5881},
  pages={1332--1336},
  year={2008},
  publisher={American Association for the Advancement of Science},
  doi={10.1126/science.1156947}
}

@article{hirvonen2009structured,
  title={Structured illumination microscopy of a living cell},
  author={Hirvonen, Liisa M and Wicker, Kai and Mandula, Ondrej and Heintzmann, Rainer},
  journal={European Biophysics Journal},
  volume={38},
  number={6},
  pages={807--812},
  year={2009},
  publisher={Springer},
  doi={10.1007/s00249-009-0501-6}
}

@article{kner2009super,
  title={Super-resolution video microscopy of live cells by structured illumination},
  author={Kner, Peter and Chhun, Bryant B and Griffis, Eric R and Winoto, Lukman and Gustafsson, Mats GL},
  journal={Nature methods},
  volume={6},
  number={5},
  pages={339--342},
  year={2009},
  publisher={Nature Publishing Group},
  doi={10.1038/nmeth.1324}
}

@article{shao2011super,
  title={Super-resolution 3D microscopy of live whole cells using structured illumination},
  author={Shao, Lin and Kner, Peter and Rego, E Hesper and Gustafsson, Mats GL},
  journal={Nature methods},
  volume={8},
  number={12},
  pages={1044--1046},
  year={2011},
  publisher={Nature Publishing Group},
  doi={10.1038/nmeth.1734}
}


@article{gao2012noninvasive,
  title={Noninvasive imaging beyond the diffraction limit of 3D dynamics in thickly fluorescent specimens},
  author={Gao, Liang and Shao, Lin and Higgins, Christopher D and Poulton, John S and Peifer, Mark and Davidson, Michael W and Wu, Xufeng and Goldstein, Bob and Betzig, Eric},
  journal={Cell},
  volume={151},
  number={6},
  pages={1370--1385},
  year={2012},
  publisher={Elsevier},
  doi={10.1016/j.cell.2012.10.008}
}

@article{fiolka2012time,
  title={Time-lapse two-color 3D imaging of live cells with doubled resolution using structured illumination},
  author={Fiolka, Reto and Shao, Lin and Rego, E Hesper and Davidson, Michael W and Gustafsson, Mats GL},
  journal={Proceedings of the National Academy of Sciences},
  volume={109},
  number={14},
  pages={5311--5315},
  year={2012},
  publisher={National Acad Sciences},
  doi={10.1073/pnas.1119262109}
}

@article{monkemoller2014imaging,
  title={Imaging fenestrations in liver sinusoidal endothelial cells by optical localization microscopy},
  author={M{\"o}nkem{\"o}ller, Viola and Sch{\"u}ttpelz, Mark and McCourt, Peter and S{\o}rensen, Karen and Smedsr{\o}d, B{\aa}rd and Huser, Thomas},
  journal={Physical Chemistry Chemical Physics},
  volume={16},
  number={24},
  pages={12576--12581},
  year={2014},
  publisher={Royal Society of Chemistry},
  doi={10.1039/C4CP01574F}
}




% =========== Others techniques (not yet used in document) =========

@article{mandula2012line,
  title={Line scan-structured illumination microscopy super-resolution imaging in thick fluorescent samples},
  author={Mandula, Ondrej and Kielhorn, Martin and Wicker, Kai and Krampert, Gerhard and Kleppe, Ingo and Heintzmann, Rainer},
  journal={Optics express},
  volume={20},
  number={22},
  pages={24167--24174},
  year={2012},
  publisher={Optical Society of America}
}

@article{planchon2011rapid,
  title={Rapid three-dimensional isotropic imaging of living cells using Bessel beam plane illumination},
  author={Planchon, Thomas A and Gao, Liang and Milkie, Daniel E and Davidson, Michael W and Galbraith, James A and Galbraith, Catherine G and Betzig, Eric},
  journal={Nature methods},
  volume={8},
  number={5},
  pages={417--423},
  year={2011},
  publisher={Nature Publishing Group}
}





