%
% This file is (manually) kept up-to-date with
% the collection of SIM papers here:
% https://mueller-physics.github.io/SIM-Collection/literature.html
%


%  ====== fundamental papers ==========


@inproceedings{heintzmann1999laterally,
  title={Laterally modulated excitation microscopy: improvement of resolution by using a diffraction grating},
  author={Heintzmann, Rainer and Cremer, Christoph G},
  booktitle={Optical Biopsies and Microscopic Techniques III},
  volume={3568},
  pages={185--197},
  year={1999},
  organization={International Society for Optics and Photonics},
  doi={10.1117/12.336833}
}

@article{gustafsson2000,
  title={Surpassing the lateral resolution limit by a factor of two using structured illumination microscopy},
  author={Gustafsson, Mats GL},
  journal={Journal of microscopy},
  volume={198},
  number={2},
  pages={82--87},
  year={2000},
  publisher={Wiley Online Library},
  doi={10.1046/j.1365-2818.2000.00710.x}
}

@article{gustafsson2008,
  title={Three-dimensional resolution doubling in wide-field fluorescence microscopy by structured illumination},
  author={Gustafsson, Mats GL and Shao, Lin and Carlton, Peter M and Wang, CJ Rachel and Golubovskaya, Inna N and Cande, W Zacheus and Agard, David A and Sedat, John W},
  journal={Biophysical journal},
  volume={94},
  number={12},
  pages={4957--4970},
  year={2008},
  publisher={Elsevier},
  doi={10.1529/biophysj.107.120345}
}

@phdthesis{frohn2000super,
  title={Super-resolution fluorescence microscopy by structured ligth illumination},
  author={Frohn, Jan Tillman},
  year={2000},
  note={Nr. 13916},
  school={Technische Wissenschaften ETH Z{\"u}rich},
  doi={10.3929/ethz-a-004064016}
}

%  ====== reviews & overview ==========

@article{demmerle2017strategic,
  title={Strategic and practical guidelines for successful structured illumination microscopy},
  author={Demmerle, Justin and Innocent, Cassandravictoria and North, Alison J and Ball, Graeme and M{\"u}ller, Marcel and Miron, Ezequiel and Matsuda, Atsushi and Dobbie, Ian M and Markaki, Yolanda and Schermelleh, Lothar},
  journal={Nature Protocols},
  volume={12},
  number={5},
  pages={988},
  year={2017},
  publisher={Nature Publishing Group},
  doi={10.1038/nprot.2017.019}
}

@article{heintzmannhuser2017,
  title={Super-Resolution Structured Illumination Microscopy},
  author={Heintzmann, Rainer and Huser, Thomas},
  journal={Chemical Reviews},
  volume={177},
  number={23},
  pages={13890--13908},
  year={2017},
  publisher={Amer Chemical Soc},
  doi={10.1021/acs.chemrev.7b00218}
}


%  ====== building microscopes ==========

@article{chang2009isotropic,
  title={Isotropic image in structured illumination microscopy patterned with a spatial light modulator},
  author={Chang, Bo-Jui and Chou, Li-Jun and Chang, Yun-Ching and Chiang, Su-Yu},
  journal={Optics express},
  volume={17},
  number={17},
  pages={14710--14721},
  year={2009},
  publisher={Optical Society of America},
  doi={10.1364/OE.17.014710}
 
}

@article{dan2013dmd,
  title={DMD-based LED-illumination Super-resolution and optical sectioning microscopy},
  author={Dan, Dan and Lei, Ming and Yao, Baoli and Wang, Wen and Winterhalder, Martin and Zumbusch, Andreas and Qi, Yujiao and Xia, Liang and Yan, Shaohui and Yang, Yanlong and Gao, Peng and Ye, Tong and Wei Zhao},
  journal={Scientific reports},
  volume={3},
  year={2013},
  publisher={Nature Publishing Group},
  doi={10.1038/srep01116}
}

@article{walther2015fastsim,
  title={fastSIM: a practical implementation of fast structured illumination microscopy},
  author={Lu-Walther, Hui-Wen and Kielhorn, Martin and F{\"o}rster, Ronny and Jost, Aur{\'e}lie and Wicker, Kai and Heintzmann, Rainer},
  journal={Methods and Applications in Fluorescence},
  volume={3},
  number={1},
  pages={014001},
  year={2015},
  publisher={IOP Publishing},
  doi={10.1088/2050-6120/3/1/014001}
}

@article{forster2014simple,
  title={Simple structured illumination microscope setup with high acquisition speed by using a spatial light modulator},
  author={F{\"o}rster, Ronny and Lu-Walther, Hui-Wen and Jost, Aur{\'e}lie and Kielhorn, Martin and Wicker, Kai and Heintzmann, Rainer},
  journal={Optics Express},
  volume={22},
  number={17},
  pages={20663--20677},
  year={2014},
  publisher={Optical Society of America},
  doi={10.1364/OE.22.020663}
}

@article{song2016fast,
  title={Fast structured illumination microscopy using rolling shutter cameras},
  author={Song, Liyan and Lu-Walther, Hui-Wen and F{\"o}rster, Ronny and Jost, Aur{\'e}lie and Kielhorn, Martin and Zhou, Jianying and Heintzmann, Rainer},
  journal={Measurement Science and Technology},
  volume={27},
  number={5},
  pages={055401},
  year={2016},
  publisher={IOP Publishing},
  doi={10.1088/0957-0233/27/5/055401}
}


@article{o2012polarization,
  title={Polarization effects on contrast in structured illumination microscopy},
  author={O’Holleran, Kevin and Shaw, Michael},
  journal={Optics letters},
  volume={37},
  number={22},
  pages={4603--4605},
  year={2012},
  publisher={Optical Society of America},
  doi={10.1364/OL.37.004603}
}

@article{young2016guide,
  title={A guide to structured illumination TIRF microscopy at high speed with multiple colors},
  author={Young, Laurence J and Str{\"o}hl, Florian and Kaminski, Clemens F},
  journal={Journal of visualized experiments: JoVE},
  number={111},
  year={2016},
  publisher={MyJoVE Corporation},
  doi={10.3791/53988}
}


%  ====== multi-focal approaches ========

@article{abrahamsson2017multifocus,
  title={Multifocus structured illumination microscopy for fast volumetric super-resolution imaging},
  author={Abrahamsson, Sara and Blom, Hans and Agostinho, Ana and Jans, Daniel C and Jost, Aurelie and M{\"u}ller, Marcel and Nilsson, Linnea and Bernhem, Kristoffer and Lambert, Talley J and Heintzmann, Rainer and Brismar, Hjalmar},
  journal={Biomedical optics express},
  volume={8},
  number={9},
  pages={4135--4140},
  year={2017},
  publisher={Optical Society of America},
  doi={10.1364/BOE.8.004135}
}

@inproceedings{abrahamsson2006new,
  title={A new approach to extended focus for high-speed high-resolution biological microscopy},
  author={Abrahamsson, Sara and Usawa, Satoru and Gustafsson, Mats},
  booktitle={Three-Dimensional and Multidimensional Microscopy: Image Acquisition and Processing XIII},
  volume={6090},
  pages={60900N},
  year={2006},
  organization={International Society for Optics and Photonics},
  doi={10.1117/12.647022}
}


@article{abrahamsson2013fast,
  title={Fast multicolor 3D imaging using aberration-corrected multifocus microscopy},
  author={Abrahamsson, Sara and Chen, Jiji and Hajj, Bassam and Stallinga, Sjoerd and Katsov, Alexander Y and Wisniewski, Jan and Mizuguchi, Gaku and Soule, Pierre and Mueller, Florian and Darzacq, Claire Dugast and Darzacq, Xavier and Wu, Carl and Bargmann, Cornelia I and Agard, David A and Dahan, Maxime and Gustafsson, Mats G L},
  journal={Nature methods},
  volume={10},
  number={1},
  pages={60},
  year={2013},
  publisher={Nature Publishing Group},
  doi={10.1038/nmeth.2277}
}

@article{abrahamsson2016multifocus,
  title={Multifocus microscopy with precise color multi-phase diffractive optics applied in functional neuronal imaging},
  author={Abrahamsson, Sara and Ilic, Rob and Wisniewski, Jan and Mehl, Brian and Yu, Liya and Chen, Lei and Davanco, Marcelo and Oudjedi, Laura and Fiche, Jean-Bernard and Hajj, Bassam and Jin, Xin and Pulupa, Joan Cho, Christine and Mir, Mustafa and Beheiry, Mohamed El and Darzacq, Xavier and Nollmann, Marcelo and Dahan, Maxime and Wu, Carl and Lionnet, Timothée and Liddle, J. Alexander and Bargmann, Cornelia I.},
  journal={Biomedical optics express},
  volume={7},
  number={3},
  pages={855--869},
  year={2016},
  publisher={Optical Society of America},
  doi={10.1364/BOE.7.000855}
}

@article{geissbuehler2014live,
  title={Live-cell multiplane three-dimensional super-resolution optical fluctuation imaging},
  author={Geissbuehler, Stefan and Sharipov, Azat and Godinat, Aur{\'e}lien and Bocchio, Noelia L and Sandoz, Patrick A and Huss, Anja and Jensen, Nickels A and Jakobs, Stefan and Enderlein, J{\"o}rg and Van Der Goot, F Gisou and Dubikovskaya, Elena A and Lasser, Theo and Leutenegger, Marcel},
  journal={Nature communications},
  volume={5},
  pages={5830},
  year={2014},
  publisher={Nature Publishing Group},
  doi={10.1038/ncomms6830}
}

@article{juette2008three,
  title={Three-dimensional sub--100 nm resolution fluorescence microscopy of thick samples},
  author={Juette, Manuel F and Gould, Travis J and Lessard, Mark D and Mlodzianoski, Michael J and Nagpure, Bhupendra S and Bennett, Brian T and Hess, Samuel T and Bewersdorf, Joerg},
  journal={Nature methods},
  volume={5},
  number={6},
  pages={527},
  year={2008},
  publisher={Nature Publishing Group}
}

@article{descloux2018combined,
  title={Combined multi-plane phase retrieval and super-resolution optical fluctuation imaging for 4D cell microscopy},
  author={Descloux, A and Gru{\ss}mayer, KS and Bostan, E and Lukes, T and Bouwens, A and Sharipov, A and Geissbuehler, S and Mahul-Mellier, A-L and Lashuel, HA and Leutenegger, M and Lasser, Theo},
  journal={Nature Photonics},
  volume={12},
  number={3},
  pages={165},
  year={2018},
  publisher={Nature Publishing Group},
  doi={10.1038/s41566-018-0109-4}
}



%  ====== parameter estimation ==========

@article{shroff2009phase,
  title={Phase-shift estimation in sinusoidally illuminated images for lateral superresolution},
  author={Shroff, Sapna A and Fienup, James R and Williams, David R},
  journal={JOSA A},
  volume={26},
  number={2},
  pages={413--424},
  year={2009},
  publisher={Optical Society of America},
  doi={10.1364/JOSAA.26.000413}
}

@article{yang2015method,
  title={Method of lateral image reconstruction in structured illumination microscopy with super resolution},
  author={Yang, Qiang and Cao, Liangcai and Zhang, Hua and Zhang, Hao and Jin, Guofan},
  journal={Journal of Innovative Optical Health Sciences},
  pages={1630002},
  year={2015},
  publisher={World Scientific},
  doi={10.1142/S1793545816300020}
}


@article{wicker2013phase,
  title={Phase optimisation for structured illumination microscopy},
  author={Wicker, Kai and Mandula, Ondrej and Best, Gerrit and Fiolka, Reto and Heintzmann, Rainer},
  journal={Optics express},
  volume={21},
  number={2},
  pages={2032--2049},
  year={2013},
  publisher={Optical Society of America},
  doi={10.1364/OE.21.002032}
}


@article{wicker2013noniterative,
  title={Non-iterative determination of pattern phase in structured illumination microscopy using auto-correlations in Fourier space},
  author={Wicker, Kai},
  journal={Optics express},
  volume={21},
  number={21},
  pages={24692--24701},
  year={2013},
  publisher={Optical Society of America},
  doi={10.1364/OE.21.024692}
}

% ========= Filter ============


@article{chu2014image,
  title={Image reconstruction for structured-illumination microscopy with low signal level},
  author={Chu, Kaiqin and McMillan, Paul J and Smith, Zachary J and Yin, Jie and Atkins, Jeniffer and Goodwin, Paul and Wachsmann-Hogiu, Sebastian and Lane, Stephen},
  journal={Optics express},
  volume={22},
  number={7},
  pages={8687--8702},
  year={2014},
  publisher={Optical Society of America},
  doi={10.1364/OE.22.008687}
}

@article{huang2018hessian,
    title={Fast, long-term, super-resolution imaging with Hessian structured illumination microscopy},
    author={Huang, Xiaoshuai and Fan, Junchao and Li, Liuju and Liu, Haosen and Wu, Runlong and Wu, Yi and Wei, Lisi and Mao, Heng and Lal, Amit and Xi, Peng and Tang, Liqiang and Zhang, Yunfeng and Liu, Yanmei and Tan, Shan and Chen, Liangyi},
    journal={Nature Biotechnology},
    year={2018},
    month={4},
    publisher={Nature publishing group},
    doi={10.1038/nbt.4115}
}


% =========== Optical sectioning ======

@article{o2014optimized,
  title={Optimized approaches for optical sectioning and resolution enhancement in 2D structured illumination microscopy},
  author={O’Holleran, Kevin and Shaw, Michael},
  journal={Biomedical optics express},
  volume={5},
  number={8},
  pages={2580--2590},
  year={2014},
  publisher={Optical Society of America},
  doi={10.1364/BOE.5.002580}
}


@article{shaw2015high,
  title={High speed structured illumination microscopy in optically thick samples},
  author={Shaw, Michael and Zajiczek, Lydia and O’Holleran, Kevin},
  journal={Methods},
  volume={88},
  pages={11--19},
  year={2015},
  publisher={Elsevier},
  doi={10.1016/j.ymeth.2015.03.020}
}

@article{perez2016optimal,
  title={Optimal 2D-SIM reconstruction by two filtering steps with Richardson-Lucy deconvolution},
  author={Perez, Victor and Chang, Bo-Jui and Stelzer, Ernst Hans Karl},
  journal={Scientific reports},
  volume={6},
  pages={37149},
  year={2016},
  publisher={Nature Publishing Group},
  doi={10.1038/srep37149}
}

% =========== optimization and checks ==============

@article{schaefer2004structured,
  title={Structured illumination microscopy: artefact analysis and reduction utilizing a parameter optimization approach},
  author={Schaefer, LH and Schuster, D and Schaffer, J},
  journal={Journal of microscopy},
  volume={216},
  number={2},
  pages={165--174},
  year={2004},
  publisher={Wiley Online Library},
  doi={10.1111/j.0022-2720.2004.01411.x}
}


@article{forster2016motion,
  title={Motion artefact detection in structured illumination microscopy for live cell imaging},
  author={F{\"o}rster, Ronny and Wicker, Kai and M{\"u}ller, Walter and Jost, Aur{\'e}lie and Heintzmann, Rainer},
  journal={Optics express},
  volume={24},
  number={19},
  pages={22121--22134},
  year={2016},
  publisher={Optical Society of America},
  doi={10.1364/OE.24.022121}
}


% =========== deconvolution-based ==============

@article{strohl2017speed,
  title={Speed limits of structured illumination microscopy},
  author={Str{\"o}hl, Florian and Kaminski, Clemens F},
  journal={Optics letters},
  volume={42},
  number={13},
  pages={2511--2514},
  year={2017},
  publisher={Optical Society of America}
}


% =========== Software ============

@article{mueller2016open,
  title={Open-source image reconstruction of super-resolution structured illumination microscopy data in ImageJ},
  author={M{\"u}ller, Marcel and M{\"o}nkem{\"o}ller, Viola and Hennig, Simon and H{\"u}bner, Wolfgang and Huser, Thomas},
  journal={Nature Communications},
  volume={7},
  pages={10980},
  year={2016},
  publisher={Nature Publishing Group},
  doi={10.1038/ncomms10980}
}

@article{lal2016structured,
  title={Structured illumination microscopy image reconstruction algorithm},
  author={Lal, Amit and Shan, Chunyan and Xi, Peng},
  journal={IEEE Journal of Selected Topics in Quantum Electronics},
  volume={22},  
  number={4},
  year={2016},
  publisher={IEEE},
  doi={10.1109/JSTQE.2016.2521542}
}

@article{kvrivzek2016simtoolbox,
  title={SIMToolbox: a MATLAB toolbox for{\v{r}} structured illumination fluorescence microscopy},
  author={K{\v{r}}{\'{i}}{\v{z}}ek, Pavel and Luke{\v{s}}, Tom{\'a}{\v{s}} and Ovesn{\`y}, Martin and Fliegel, Karel and Hagen, Guy M},
  journal={Bioinformatics},
  volume={32},
  number={2},
  pages={318--320},
  year={2016},
  publisher={Oxford Univ Press},
  doi={10.1093/bioinformatics/btv576}
}

% ========== Quality control =====

@article{ball2015simcheck,
  title={SIMcheck: a Toolbox for Successful Super-resolution Structured Illumination Microscopy},
  author={Ball, Graeme and Demmerle, Justin and Kaufmann, Rainer and Davis, Ilan and Dobbie, Ian M and Schermelleh, Lothar},
  journal={Scientific reports},
  volume={5},
  year={2015},
  publisher={Nature Publishing Group},
  doi={10.1038/srep15915}
}

% ========= Image Processing software =====

@article{schneider2012nih,
  title={NIH Image to ImageJ: 25 years of image analysis},
  author={Schneider, Caroline A and Rasband, Wayne S and Eliceiri, Kevin W},
  journal={Nature methods},
  volume={9},
  number={7},
  pages={671--675},
  year={2012},
  publisher={Nature Publishing Group},
  doi={10.1038/nmeth.2089}
}

@article{schindelin2012fiji,
  title={Fiji: an open-source platform for biological-image analysis},
  author={Schindelin, Johannes and Arganda-Carreras, Ignacio and Frise, Erwin and Kaynig, Verena and Longair, Mark and Pietzsch, Tobias and Preibisch, Stephan and Rueden, Curtis and Saalfeld, Stephan and Schmid, Benjamin and Tinevez, Jean-Yves and White, Daniel James and Hartenstein, Volker and Eliceiri, Kevin and Tomancak, Pavel and Cardona, Albert},
  journal={Nature methods},
  volume={9},
  number={7},
  pages={676--682},
  year={2012},
  publisher={Nature Publishing Group},
  doi={10.1038/nmeth.2019}
}

@inproceedings{arganda2008bunwarpj,
  title={bUnwarpj: Consistent and elastic registration in imagej, methods and applications},
  author={Arganda-Carreras, Ignacio and Sorzano, Carlos OS and Kybic, Jan and Ortiz-de-Solorzano, Carlos},
  booktitle={Second ImageJ User \& Developer Conference},
  year={2008}
}


@article{edelstein2014advanced,
  title={Advanced methods of microscope control using $\mu$Manager software},
  author={Edelstein, Arthur D and Tsuchida, Mark A and Amodaj, Nenad and Pinkard, Henry and Vale, Ronald D and Stuurman, Nico},
  journal={Journal of biological methods},
  volume={1},
  number={2},
  year={2014},
  publisher={NIH Public Access},
  doi={10.14440/jbm.2014.36}
}

@article{edelstein2010computer,
  title={Computer control of microscopes using $\mu$Manager},
  author={Edelstein, Arthur and Amodaj, Nenad and Hoover, Karl and Vale, Ron and Stuurman, Nico},
  journal={Current protocols in molecular biology},
  pages={14--20},
  year={2010},
  publisher={Wiley Online Library},
  doi={10.1002/0471142727.mb1420s92}
}

@article{thevenaz1998pyramid,
  title={A pyramid approach to subpixel registration based on intensity},
  author={Thevenaz, Philippe and Ruttimann, Urs E and Unser, Michael},
  journal={IEEE transactions on image processing},
  volume={7},
  number={1},
  pages={27--41},
  year={1998},
  publisher={IEEE},
  doi={10.1109/83.650848}
}



% ========= SMLM packages =======

@article{henriques2010quickpalm,
  title={QuickPALM: 3D real-time photoactivation nanoscopy image processing in ImageJ},
  author={Henriques, Ricardo and Lelek, Mickael and Fornasiero, Eugenio F and Valtorta, Flavia and Zimmer, Christophe and Mhlanga, Musa M},
  journal={Nature methods},
  volume={7},
  number={5},
  pages={339--340},
  year={2010},
  publisher={Nature Publishing Group},
  doi={10.1038/nmeth0510-339}
}

@article{wolter2012rapidstorm,
  title={rapidSTORM: accurate, fast open-source software for localization microscopy},
  author={Wolter, Steve and L{\"o}schberger, Anna and Holm, Thorge and Aufmkolk, Sarah and Dabauvalle, Marie-Christine and van de Linde, Sebastian and Sauer, Markus},
  journal={Nature methods},
  volume={9},
  number={11},
  pages={1040--1041},
  year={2012},
  publisher={Nature Publishing Group},
  doi={10.1038/nmeth.2224}
}

@article{ovesny2014thunderstorm,
  title={ThunderSTORM: a comprehensive ImageJ plug-in for PALM and STORM data analysis and super-resolution imaging},
  author={Ovesn{\`y}, Martin and K{\v{r}}{\'\i}{\v{z}}ek, Pavel and Borkovec, Josef and {\v{S}}vindrych, Zden{\v{e}}k and Hagen, Guy M},
  journal={Bioinformatics},
  volume={30},
  number={16},
  pages={2389--2390},
  year={2014},
  publisher={Oxford Univ Press},
  doi={10.1093/bioinformatics/btu202}
}

@article{sage2015quantitative,
  title={Quantitative evaluation of software packages for single-molecule localization microscopy},
  author={Sage, Daniel and Kirshner, Hagai and Pengo, Thomas and Stuurman, Nico and Min, Junhong and Manley, Suliana and Unser, Michael},
  journal={Nature methods},
  year={2015},
  publisher={Nature Publishing Group},
  doi={10.1038/nmeth.3442}
}



% =========== Non-linear SIM =========

@article{heintzmann2002saturated,
  title={Saturated patterned excitation microscopy—a concept for optical resolution improvement},
  author={Heintzmann, Rainer and Jovin, Thomas M and Cremer, Christoph},
  journal={JOSA A},
  volume={19},
  number={8},
  pages={1599--1609},
  year={2002},
  publisher={Optical Society of America},
  doi={10.1364/JOSAA.19.001599}
}

@article{gustafsson2005nonlinear,
  title={Nonlinear structured-illumination microscopy: wide-field fluorescence imaging with theoretically unlimited resolution},
  author={Gustafsson, Mats GL},
  journal={Proceedings of the National Academy of Sciences of the United States of America},
  volume={102},
  number={37},
  pages={13081--13086},
  year={2005},
  publisher={National Acad Sciences},
  doi={10.1073/pnas.0406877102}
}

@article{rego2012nonlinear,
  title={Nonlinear structured-illumination microscopy with a photoswitchable protein reveals cellular structures at 50-nm resolution},
  author={Rego, E Hesper and Shao, Lin and Macklin, John J and Winoto, Lukman and Johansson, G{\"o}ran A and Kamps-Hughes, Nicholas and Davidson, Michael W and Gustafsson, Mats GL},
  journal={Proceedings of the National Academy of Sciences},
  volume={109},
  number={3},
  pages={E135--E143},
  year={2012},
  publisher={National Acad Sciences},
  doi={10.1073/pnas.1107547108}
}

@article{li2015extended,
  title={Extended-resolution structured illumination imaging of endocytic and cytoskeletal dynamics},
  author={Li, Dong and Shao, Lin and Chen, Bi-Chang and Zhang, Xi and Zhang, Mingshu and Moses, Brian and Milkie, Daniel E and Beach, Jordan R and Hammer, John A and Pasham, Mithun and Kirchhausen, Tomas and Baird, Michelle A. and Davidson, Michael W. and Xu, Pingyong and Betzig, Eric },
  journal={Science},
  volume={349},
  number={6251},
  pages={aab3500},
  year={2015},
  publisher={American Association for the Advancement of Science},
  doi={10.1126/science.aab3500}
}



% =========== good examples for application of SR-SIM =========
% --> TODO: still have to be integrated into the webpage

@article{schermelleh2008subdiffraction,
  title={Subdiffraction multicolor imaging of the nuclear periphery with 3D structured illumination microscopy},
  author={Schermelleh, Lothar and Carlton, Peter M and Haase, Sebastian and Shao, Lin and Winoto, Lukman and Kner, Peter and Burke, Brian and Cardoso, M Cristina and Agard, David A and Gustafsson, Mats GL and Leonhardt, Heinrich and Sedat, John W.},
  journal={Science},
  volume={320},
  number={5881},
  pages={1332--1336},
  year={2008},
  publisher={American Association for the Advancement of Science},
  doi={10.1126/science.1156947}
}

@article{hirvonen2009structured,
  title={Structured illumination microscopy of a living cell},
  author={Hirvonen, Liisa M and Wicker, Kai and Mandula, Ondrej and Heintzmann, Rainer},
  journal={European Biophysics Journal},
  volume={38},
  number={6},
  pages={807--812},
  year={2009},
  publisher={Springer},
  doi={10.1007/s00249-009-0501-6}
}

@article{kner2009super,
  title={Super-resolution video microscopy of live cells by structured illumination},
  author={Kner, Peter and Chhun, Bryant B and Griffis, Eric R and Winoto, Lukman and Gustafsson, Mats GL},
  journal={Nature methods},
  volume={6},
  number={5},
  pages={339--342},
  year={2009},
  publisher={Nature Publishing Group},
  doi={10.1038/nmeth.1324}
}

@article{shao2011super,
  title={Super-resolution 3D microscopy of live whole cells using structured illumination},
  author={Shao, Lin and Kner, Peter and Rego, E Hesper and Gustafsson, Mats GL},
  journal={Nature methods},
  volume={8},
  number={12},
  pages={1044--1046},
  year={2011},
  publisher={Nature Publishing Group},
  doi={10.1038/nmeth.1734}
}


@article{gao2012noninvasive,
  title={Noninvasive imaging beyond the diffraction limit of 3D dynamics in thickly fluorescent specimens},
  author={Gao, Liang and Shao, Lin and Higgins, Christopher D and Poulton, John S and Peifer, Mark and Davidson, Michael W and Wu, Xufeng and Goldstein, Bob and Betzig, Eric},
  journal={Cell},
  volume={151},
  number={6},
  pages={1370--1385},
  year={2012},
  publisher={Elsevier},
  doi={10.1016/j.cell.2012.10.008}
}

@article{fiolka2012time,
  title={Time-lapse two-color 3D imaging of live cells with doubled resolution using structured illumination},
  author={Fiolka, Reto and Shao, Lin and Rego, E Hesper and Davidson, Michael W and Gustafsson, Mats GL},
  journal={Proceedings of the National Academy of Sciences},
  volume={109},
  number={14},
  pages={5311--5315},
  year={2012},
  publisher={National Acad Sciences},
  doi={10.1073/pnas.1119262109}
}

@article{monkemoller2014imaging,
  title={Imaging fenestrations in liver sinusoidal endothelial cells by optical localization microscopy},
  author={M{\"o}nkem{\"o}ller, Viola and Sch{\"u}ttpelz, Mark and McCourt, Peter and S{\o}rensen, Karen and Smedsr{\o}d, B{\aa}rd and Huser, Thomas},
  journal={Physical Chemistry Chemical Physics},
  volume={16},
  number={24},
  pages={12576--12581},
  year={2014},
  publisher={Royal Society of Chemistry},
  doi={10.1039/C4CP01574F}
}

@article{monkemoller2015multimodal,
  title={Multimodal super-resolution optical microscopy visualizes the close connection between membrane and the cytoskeleton in liver sinusoidal endothelial cell fenestrations},
  author={M{\"o}nkem{\"o}ller, Viola and {\O}ie, Cristina and H{\"u}bner, Wolfgang and Huser, Thomas and McCourt, Peter},
  journal={Scientific Reports},
  volume={5},
  year={2015},
  doi={10.1038/srep16279}
}



// Enderlein 2010 on ISM
@article{muller2010image,
  title={Image scanning microscopy},
  author={M{\"u}ller, Claus B and Enderlein, J{\"o}rg},
  journal={Physical review letters},
  volume={104},
  number={19},
  pages={198101},
  year={2010},
  publisher={APS},
  doi={10.1103/PhysRevLett.104.198101}
}

@article{gregor2017rapid,
  title={Rapid nonlinear image scanning microscopy},
  author={Gregor, Ingo and Spiecker, Martin and Petrovsky, Roman and Gro{\ss}hans, J{\"o}rg and Ros, Robert and Enderlein, J{\"o}rg},
  journal={Nature methods},
  volume={14},
  number={11},
  pages={1087},
  year={2017},
  publisher={Nature Publishing Group},
  doi={10.1038/nmeth.4467}
}

@article{schulz2013resolution,
  title={Resolution doubling in fluorescence microscopy with confocal spinning-disk image scanning microscopy},
  author={Schulz, Olaf and Pieper, Christoph and Clever, Michaela and Pfaff, Janine and Ruhlandt, Aike and Kehlenbach, Ralph H and Wouters, Fred S and Gro{\ss}hans, J{\"o}rg and Bunt, Gertrude and Enderlein, J{\"o}rg},
  journal={Proceedings of the National Academy of Sciences},
  volume={110},
  number={52},
  pages={21000--21005},
  year={2013},
  publisher={National Acad Sciences},
  doi={10.1073/pnas.1315858110}
}

% ===== ISIM ====

@article{york2013instant,
  title={Instant super-resolution imaging in live cells and embryos via analog image processing},
  author={York, Andrew G and Chandris, Panagiotis and Dalle Nogare, Damian and Head, Jeffrey and Wawrzusin, Peter and Fischer, Robert S and Chitnis, Ajay and Shroff, Hari},
  journal={Nature methods},
  volume={10},
  number={11},
  pages={1122},
  year={2013},
  publisher={Nature Publishing Group},
  doi={10.1038/nmeth.2687}
}

@article{guo2018single,
  title={Single-shot super-resolution total internal reflection fluorescence microscopy},
  author={Guo, Min and Chandris, Panagiotis and Giannini, John Paul and Trexler, Adam J and Fischer, Robert and Chen, Jiji and Vishwasrao, Harshad D and Rey-Suarez, Ivan and Wu, Yicong and Wu, Xufeng and Waterman, Clare M. and Patterson, George H. and Upadhyaya, Arpita and Taraska, Justin W. and Shroff, Hari},
  journal={Nature methods},
  pages={1},
  year={2018},
  publisher={Nature Publishing Group},
  doi={10.1038/s41592-018-0004-4}
}

